% This file was created with JabRef 2.9.2.
% Encoding: UTF-8

@ARTICLE{agarwal2009faster,
  author = {Agarwal, Virat and Bader, David A and Dan, Lin and Liu, Lurng-Kuo
	and Pasetto, Davide and Perrone, Michael and Petrini, Fabrizio},
  title = {Faster fast: multicore acceleration of streaming financial data},
  journal = {Computer Science-Research and Development},
  year = {2009},
  volume = {23},
  pages = {249--257},
  number = {3},
  publisher = {Springer}
}

@INPROCEEDINGS{Awasthi:2010:HPO:1854273.1854314,
  author = {Awasthi, Manu and Nellans, David W. and Sudan, Kshitij and Balasubramonian,
	Rajeev and Davis, Al},
  title = {Handling the problems and opportunities posed by multiple on-chip
	memory controllers},
  booktitle = {Proceedings of the 19th international conference on Parallel architectures
	and compilation techniques},
  year = {2010},
  series = {PACT '10},
  pages = {319--330},
  address = {New York, NY, USA},
  publisher = {ACM},
  acmid = {1854314},
  doi = {10.1145/1854273.1854314},
  isbn = {978-1-4503-0178-7},
  keywords = {DRAM management, data placement, memory controller design},
  location = {Vienna, Austria},
  numpages = {12},
  url = {http://doi.acm.org/10.1145/1854273.1854314}
}

@INPROCEEDINGS{Biem:2010:IIS:1807167.1807291,
  author = {Biem, Alain and Bouillet, Eric and Feng, Hanhua and Ranganathan,
	Anand and Riabov, Anton and Verscheure, Olivier and Koutsopoulos,
	Haris and Moran, Carlos},
  title = {IBM infosphere streams for scalable, real-time, intelligent transportation
	services},
  booktitle = {Proceedings of the 2010 ACM SIGMOD International Conference on Management
	of data},
  year = {2010},
  series = {SIGMOD '10},
  pages = {1093--1104},
  address = {New York, NY, USA},
  publisher = {ACM},
  acmid = {1807291},
  doi = {10.1145/1807167.1807291},
  isbn = {978-1-4503-0032-2},
  keywords = {geostreaming, stream processing, transportation},
  location = {Indianapolis, Indiana, USA},
  numpages = {12},
  url = {http://doi.acm.org/10.1145/1807167.1807291}
}

@ARTICLE{Buck:2004:BGS:1015706.1015800,
  author = {Buck, Ian and Foley, Tim and Horn, Daniel and Sugerman, Jeremy and
	Fatahalian, Kayvon and Houston, Mike and Hanrahan, Pat},
  title = {Brook for GPUs: stream computing on graphics hardware},
  journal = {ACM Trans. Graph.},
  year = {2004},
  volume = {23},
  pages = {777--786},
  number = {3},
  month = aug,
  acmid = {1015800},
  address = {New York, NY, USA},
  doi = {10.1145/1015706.1015800},
  issn = {0730-0301},
  issue_date = {August 2004},
  keywords = {Data Parallel Computing, GPU Computing, Brook, Programmable Graphics
	Hardware, Stream Computing},
  numpages = {10},
  publisher = {ACM},
  url = {http://doi.acm.org/10.1145/1015706.1015800}
}

@INPROCEEDINGS{Carpenter:2007:SMD:1776200.1776217,
  author = {Carpenter, Paul and Rodenas, David and Martorell, Xavier and Ramirez,
	Alex and Ayguad{\'e}, Eduard},
  title = {A streaming machine description and programming model},
  booktitle = {Proceedings of the 7th international conference on Embedded computer
	systems: architectures, modeling, and simulation},
  year = {2007},
  series = {SAMOS'07},
  pages = {107--116},
  address = {Berlin, Heidelberg},
  publisher = {Springer-Verlag},
  acmid = {1776217},
  isbn = {3-540-73622-0, 978-3-540-73622-6},
  location = {Samos, Greece},
  numpages = {10},
  url = {http://dl.acm.org/citation.cfm?id=1776200.1776217}
}

@INPROCEEDINGS{Chen:2001:FCP:647055.759948,
  author = {Chen, Benjie and Morris, Robert},
  title = {Flexible Control of Parallelism in a Multiprocessor PC Router},
  booktitle = {Proceedings of the General Track: 2002 USENIX Annual Technical Conference},
  year = {2001},
  pages = {333--346},
  address = {Berkeley, CA, USA},
  publisher = {USENIX Association},
  acmid = {759948},
  isbn = {1-880446-09-X},
  numpages = {14},
  url = {http://dl.acm.org/citation.cfm?id=647055.759948}
}

@INPROCEEDINGS{Cho98aframework,
  author = {Kenjiro Cho},
  title = {A Framework for Alternate Queueing: Towards Traffic Management by
	PC-UNIX Based Routers},
  booktitle = {In Proceedings of USENIX 1998 Annual Technical Conference},
  year = {1998},
  pages = {247--258}
}

@ARTICLE{Decasper:1998:RPS:285243.285285,
  author = {Decasper, Dan and Dittia, Zubin and Parulkar, Guru and Plattner,
	Bernhard},
  title = {Router plugins: A Software Architecture for Next Generation Routers},
  journal = {SIGCOMM Comput. Commun. Rev.},
  year = {1998},
  volume = {28},
  pages = {229--240},
  month = {October},
  acmid = {285285},
  address = {New York, NY, USA},
  doi = {http://doi.acm.org/10.1145/285243.285285},
  issn = {0146-4833},
  issue = {4},
  issue_date = {Oct. 1998},
  keywords = {high performance integrated services routing, modular router architecture,
	router plugins},
  numpages = {12},
  publisher = {ACM},
  url = {http://doi.acm.org/10.1145/285243.285285}
}

@INPROCEEDINGS{1564468,
  author = {Deri, L.},
  title = {nCap: wire-speed packet capture and transmission},
  booktitle = {End-to-End Monitoring Techniques and Services, 2005. Workshop on},
  year = {2005},
  pages = { 47 - 55},
  month = {may},
  doi = {10.1109/E2EMON.2005.1564468},
  issn = { },
  keywords = { general-purpose operating systems; high-speed network monitoring;
	wire-speed packet capture; computer networks; operating systems (computers);}
}

@ARTICLE{Dice:2002:MLM:773039.512451,
  author = {Dice, Dave and Garthwaite, Alex},
  title = {Mostly lock-free malloc},
  journal = {SIGPLAN Not.},
  year = {2002},
  volume = {38},
  pages = {163--174},
  number = {2 supplement},
  month = jun,
  acmid = {512451},
  address = {New York, NY, USA},
  doi = {10.1145/773039.512451},
  issn = {0362-1340},
  issue_date = {February 2003},
  keywords = {affinity, locality, lock-free operations, malloc, restartable critical
	sections},
  numpages = {12},
  publisher = {ACM},
  url = {http://doi.acm.org/10.1145/773039.512451}
}

@INPROCEEDINGS{Dobrescu09routebricks:exploiting,
  author = {Mihai Dobrescu and Norbert Egi and Katerina Argyraki and Byung-gon
	Chun and Kevin Fall and Gianluca Iannaccone and Allan Knies and Maziar
	Manesh and Sylvia Ratnasamy},
  title = {RouteBricks: Exploiting Parallelism to Scale Software Routers},
  booktitle = {In Proceedings of the 22nd ACM Symposium on Operating Systems Principles},
  year = {2009}
}

@ARTICLE{Druschel:1994:EHN:190809.190315,
  author = {Druschel, Peter and Peterson, Larry L. and Davie, Bruce S.},
  title = {Experiences with A High - Speed Network Adaptor: A Software Perspective},
  journal = {SIGCOMM Comput. Commun. Rev.},
  year = {1994},
  volume = {24},
  pages = {2--13},
  month = {October},
  acmid = {190315},
  address = {New York, NY, USA},
  doi = {http://doi.acm.org/10.1145/190809.190315},
  issn = {0146-4833},
  issue = {4},
  issue_date = {Oct. 1994},
  numpages = {12},
  publisher = {ACM},
  url = {http://doi.acm.org/10.1145/190809.190315}
}

@MISC{Dunkels01designand,
  author = {Adam Dunkels},
  title = {{Design and Implementation of the lwIP}},
  year = {2001}
}

@ARTICLE{springerlink:10.1007/s11227-011-0579-3,
  author = {Egi, Norbert and Iannaccone, Gianluca and Manesh, Maziar and Mathy,
	Laurent and Ratnasamy, Sylvia},
  title = {Improved parallelism and scheduling in multi-core software routers},
  journal = {The Journal of Supercomputing},
  pages = {1-29},
  note = {10.1007/s11227-011-0579-3},
  affiliation = {Computing Department, Lancaster University, Lancaster, UK},
  issn = {0920-8542},
  keyword = {Computer Science},
  publisher = {Springer Netherlands},
  url = {http://dx.doi.org/10.1007/s11227-011-0579-3}
}

@TECHREPORT{ELISCHER1998,
  author = {Elischer,J and Cobbs, A},
  title = {The Netgraph networking system},
  institution = {Whistle Communications},
  year = {1998},
  address = {http://www.elischer.com/netgraph/, as of July 2000},
  month = {Jan}
}

@INPROCEEDINGS{Feng:2003:OEN:1048935.1050200,
  author = {Feng, Wu-chun and Hurwitz, Justin (Gus) and Newman, Harvey and Ravot,
	Sylvain and Cottrell, R. Les and Martin, Olivier and Coccetti, Fabrizio
	and Jin, Cheng and Wei, Xiaoliang (David) and Low, Steven},
  title = {Optimizing 10-Gigabit Ethernet for Networks of Workstations, Clusters,
	and Grids: A Case Study},
  booktitle = {Proceedings of the 2003 ACM/IEEE conference on Supercomputing},
  year = {2003},
  series = {SC '03},
  pages = {50--},
  address = {New York, NY, USA},
  publisher = {ACM},
  acmid = {1050200},
  doi = {10.1145/1048935.1050200},
  isbn = {1-58113-695-1},
  location = {Phoenix, AZ, USA},
  url = {http://doi.acm.org/10.1145/1048935.1050200}
}

@INPROCEEDINGS{1409136,
  author = { Foong, A. and Fung, J. and Newell, D.},
  title = {An in-depth analysis of the impact of processor affinity on network
	performance},
  booktitle = {Networks, 2004. (ICON 2004). Proceedings. 12th IEEE International
	Conference on},
  year = {2004},
  volume = {1},
  pages = { 244 - 250 vol.1},
  month = {nov.},
  doi = {10.1109/ICON.2004.1409136},
  issn = {1531-2216 },
  keywords = { Redhat Linux-2.4.20 distribution; SMP server; TCP performance; architectural
	event; caching behavior; processor affinity; symmetric multiprocessor
	system; system mechanism-interface; Linux; cache storage; computer
	architecture; interrupts; multiprocessing systems; processor scheduling;
	transport protocols;}
}

@ARTICLE{fredj2011survey,
  author = {Fredj, Ouissem Ben and Sallay, Hassen and Rouached, Mohsen and Ammar,
	Adel and Khaled, AL-Shalfan and Saad, Majdi Ben},
  title = {Survey on Architectures and Communication Libraries dedicated for
	High Speed Networks},
  journal = {Journal of Ubiquitous Systems \& Pervasive Networks},
  year = {2011},
  volume = {3},
  pages = {79--86},
  number = {2}
}

@MISC{Gilbert01quicksand:quick,
  author = {A. C. Gilbert and Y. Kotidis and S. Muthukrishnan and M. J. Strauss},
  title = {QuickSAND: Quick Summary and Analysis of Network Data},
  year = {2001}
}

@TECHREPORT{Golab03datastream,
  author = {Lukasz Golab and M. Tamer Özsu},
  title = {Data Stream Management Issues – A Survey},
  year = {2003}
}

@INPROCEEDINGS{Halbwachs91thesynchronous,
  author = {N. Halbwachs and P. Caspi and P. Raymond and D. Pilaud},
  title = {The synchronous dataflow programming language LUSTRE},
  booktitle = {Proceedings of the IEEE},
  year = {1991},
  pages = {1305--1320}
}

@ARTICLE{Han:2010:PGS:1851275.1851207,
  author = {Han, Sangjin and Jang, Keon and Park, KyoungSoo and Moon, Sue},
  title = {PacketShader: A {GPU} - accelerated software router},
  journal = {SIGCOMM Comput. Commun. Rev.},
  year = {2010},
  volume = {40},
  pages = {195--206},
  month = aug,
  acmid = {1851207},
  address = {New York, NY, USA},
  doi = {http://doi.acm.org/10.1145/1851275.1851207},
  issn = {0146-4833},
  issue = {4},
  issue_date = {October 2010},
  keywords = {CUDA, GPU, software router},
  numpages = {12},
  publisher = {ACM},
  url = {http://doi.acm.org/10.1145/1851275.1851207}
}

@ARTICLE{Hutchinson:1991:XAI:110809.110815,
  author = {Hutchinson, Norman C. and Peterson, Larry L.},
  title = {The X-Kernel: An Architecture for Implementing Network Protocols},
  journal = {IEEE Trans. Softw. Eng.},
  year = {1991},
  volume = {17},
  pages = {64--76},
  month = {January},
  acmid = {110815},
  address = {Piscataway, NJ, USA},
  doi = {http://dx.doi.org/10.1109/32.67579},
  issn = {0098-5589},
  issue = {1},
  keywords = {architecture, interface, network operating systems, network protocols,
	operating system kernel, protocols, x-Kernel},
  numpages = {13},
  publisher = {IEEE Press},
  url = {http://dx.doi.org/10.1109/32.67579}
}

@MISC{Karonis02mpich-g2:a,
  author = {Nicholas T. Karonis and Brian Toonen and Ian Foster},
  title = {{MPICH-G2}: A Grid-Enabled Implementation of the Message Passing
	Interface},
  year = {2002}
}

@ARTICLE{Kohler2000,
  author = {Kohler, Eddie and Morris, Robert and Chen, Benjie and Jannotti, John
	and Kaashoek, M. Frans},
  title = {The {C}lick {M}odular {R}outer},
  journal = {ACM Trans. Comput. Syst.},
  year = {2000},
  volume = {18},
  pages = {263--297},
  month = {August},
  acmid = {354874},
  address = {New York, NY, USA},
  doi = {http://doi.acm.org/10.1145/354871.354874},
  issn = {0734-2071},
  issue = {3},
  keywords = {component systems, routers, software router performance},
  numpages = {35},
  publisher = {ACM},
  url = {http://doi.acm.org/10.1145/354871.354874}
}

@ARTICLE{Krasnyansky,
  author = {Max Krasnyansky},
  title = {Uio-ixgbe., https://opensource.qualcomm.com/wiki/UIO-IXGBE},
  owner = {servesh},
  timestamp = {2012.07.25}
}

@INPROCEEDINGS{Lever:2000:MPM:1267724.1267780,
  author = {Lever, Chuck and Boreham, David},
  title = {malloc() performance in a multithreaded Linux environment},
  booktitle = {Proceedings of the annual conference on USENIX Annual Technical Conference},
  year = {2000},
  series = {ATEC '00},
  pages = {56--56},
  address = {Berkeley, CA, USA},
  publisher = {USENIX Association},
  acmid = {1267780},
  location = {San Diego, California},
  numpages = {1},
  url = {http://dl.acm.org/citation.cfm?id=1267724.1267780}
}

@INPROCEEDINGS{5493465,
  author = {Mancini, E.P. and Marsh, G. and Panda, D.K.},
  title = {An MPI-Stream Hybrid Programming Model for Computational Clusters},
  booktitle = {Cluster, Cloud and Grid Computing (CCGrid), 2010 10th IEEE/ACM International
	Conference on},
  year = {May},
  pages = {323-330},
  doi = {10.1109/CCGRID.2010.33},
  keywords = {Circuit topology;Computational modeling;Computer networks;Consumer
	electronics;Distributed computing;Engines;Instruments;Network topology;Protocols;Testing;Clusters
	and Financial Application;Hybrid Programming;MPI;Streams}
}

@ARTICLE{McKeown:2008:OEI:1355734.1355746,
  author = {McKeown, Nick and Anderson, Tom and Balakrishnan, Hari and Parulkar,
	Guru and Peterson, Larry and Rexford, Jennifer and Shenker, Scott
	and Turner, Jonathan},
  title = {OpenFlow: enabling innovation in campus networks},
  journal = {SIGCOMM Comput. Commun. Rev.},
  year = {2008},
  volume = {38},
  pages = {69--74},
  month = {March},
  acmid = {1355746},
  address = {New York, NY, USA},
  doi = {http://doi.acm.org/10.1145/1355734.1355746},
  issn = {0146-4833},
  issue = {2},
  keywords = {ethernet switch, flow-based, virtualization},
  numpages = {6},
  publisher = {ACM},
  url = {http://doi.acm.org/10.1145/1355734.1355746}
}

@ARTICLE{Michael:2004:SLD:996893.996848,
  author = {Michael, Maged M.},
  title = {Scalable lock-free dynamic memory allocation},
  journal = {SIGPLAN Not.},
  year = {2004},
  volume = {39},
  pages = {35--46},
  number = {6},
  month = jun,
  acmid = {996848},
  address = {New York, NY, USA},
  doi = {10.1145/996893.996848},
  issn = {0362-1340},
  issue_date = {May 2004},
  keywords = {async-signal-safe, availability, lock-free, malloc},
  numpages = {12},
  publisher = {ACM},
  url = {http://doi.acm.org/10.1145/996893.996848}
}

@ARTICLE{Mills:1988:FUZ:52325.52337,
  author = {Mills, D. L.},
  title = {The Fuzzball},
  journal = {SIGCOMM Comput. Commun. Rev.},
  year = {1988},
  volume = {18},
  pages = {115--122},
  month = {August},
  acmid = {52337},
  address = {New York, NY, USA},
  doi = {http://doi.acm.org/10.1145/52325.52337},
  issn = {0146-4833},
  issue = {4},
  issue_date = {August 1988},
  numpages = {8},
  publisher = {ACM},
  url = {http://doi.acm.org/10.1145/52325.52337}
}

@ARTICLE{Mogul:1997:ERL:263326.263335,
  author = {Mogul, Jeffrey C. and Ramakrishnan, K. K.},
  title = {Eliminating Receive Livelock in an Interrupt - Driven Kernel},
  journal = {ACM Trans. Comput. Syst.},
  year = {1997},
  volume = {15},
  pages = {217--252},
  month = {August},
  acmid = {263335},
  address = {New York, NY, USA},
  doi = {http://doi.acm.org/10.1145/263326.263335},
  issn = {0734-2071},
  issue = {3},
  keywords = {interrupt-driven kernel, livelock, polling, scheduling},
  numpages = {36},
  publisher = {ACM},
  url = {http://doi.acm.org/10.1145/263326.263335}
}

@ARTICLE{Mosberger:1996:MPE:248155.238771,
  author = {Mosberger, David and Peterson, Larry L.},
  title = {Making Paths Explicit in the Scout Operating System},
  journal = {SIGOPS Oper. Syst. Rev.},
  year = {1996},
  volume = {30},
  pages = {153--167},
  month = {October},
  acmid = {238771},
  address = {New York, NY, USA},
  doi = {http://doi.acm.org/10.1145/248155.238771},
  issn = {0163-5980},
  issue = {SI},
  numpages = {15},
  publisher = {ACM},
  url = {http://doi.acm.org/10.1145/248155.238771}
}

@BOOK{muthukrishnan2005data,
  title = {Data streams: Algorithms and applications},
  publisher = {Now Publishers Inc},
  year = {2005},
  author = {Muthukrishnan, S}
}

@ARTICLE{Newman:1998:ISU:274747.274748,
  author = {Newman, Peter and Minshall, Greg and Lyon, Thomas L.},
  title = {{IP} switching - {ATM} under {IP}},
  journal = {IEEE/ACM Trans. Netw.},
  year = {1998},
  volume = {6},
  pages = {117--129},
  month = {April},
  acmid = {274748},
  address = {Piscataway, NJ, USA},
  doi = {http://dx.doi.org/10.1109/90.664261},
  issn = {1063-6692},
  issue = {2},
  keywords = {Internet protocol, asynchronous transfer mode, broadband communication,
	communication system control, data communication, packet switching,
	protocols},
  numpages = {13},
  publisher = {IEEE Press},
  url = {http://dx.doi.org/10.1109/90.664261}
}

@ARTICLE{Partridge:1998:IR:279405.279407,
  author = {Partridge, Craig and Carvey, Philip P. and Burgess, Ed and Castineyra,
	Isidro and Clarke, Tom and Graham, Lise and Hathaway, Michael and
	Herman, Phil and King, Allen and Kohalmi, Steve and Ma, Tracy and
	Mcallen, John and Mendez, Trevor and Milliken, Walter C. and Pettyjohn,
	Ronald and Rokosz, John and Seeger, Joshua and Sollins, Michael and
	Storch, Steve and Tober, Benjamin and Troxel, Gregory D.},
  title = {A 50-{G}b/s IP Router},
  journal = {IEEE/ACM Trans. Netw.},
  year = {1998},
  volume = {6},
  pages = {237--248},
  month = {June},
  acmid = {279407},
  address = {Piscataway, NJ, USA},
  doi = {http://dx.doi.org/10.1109/90.700888},
  issn = {1063-6692},
  issue = {3},
  keywords = {data communications, internetworking, packet switching, routing},
  numpages = {12},
  publisher = {IEEE Press},
  url = {http://dx.doi.org/10.1109/90.700888}
}

@ARTICLE{Ritchie84astream,
  author = {Dennis M. Ritchie},
  title = {A Stream Input-Output System},
  journal = {AT\&T Bell Laboratories Technical Journal},
  year = {1984},
  volume = {63},
  pages = {311--324}
}

@ARTICLE{Rizzo:2012:RNI:2090147.2103536,
  author = {Rizzo, Luigi},
  title = {{Revisiting Network I/O APIs: The netmap Framework}},
  journal = {Queue},
  year = {2012},
  volume = {10},
  pages = {30:30--30:39},
  number = {1},
  month = jan,
  acmid = {2103536},
  address = {New York, NY, USA},
  articleno = {30},
  doi = {10.1145/2090147.2103536},
  issn = {1542-7730},
  issue_date = {January 2012},
  numpages = {10},
  publisher = {ACM},
  url = {http://doi.acm.org/10.1145/2090147.2103536}
}

@INPROCEEDINGS{Romanow03anoverview,
  author = {Allyn Romanow and Stephen Bailey},
  title = {An Overview of RDMA over IP},
  booktitle = {In First International Workshop on Protocols for Fast Long-Distance
	Networks (PFLDnet},
  year = {2003}
}

@ARTICLE{Salehi:1996:EAS:234766.234769,
  author = {Salehi, James D. and Kurose, James F. and Towsley, Don},
  title = {The effectiveness of affinity-based scheduling in multiprocessor
	network protocol processing (extended version)},
  journal = {IEEE/ACM Trans. Netw.},
  year = {1996},
  volume = {4},
  pages = {516--530},
  number = {4},
  month = aug,
  acmid = {234769},
  address = {Piscataway, NJ, USA},
  doi = {10.1109/90.532862},
  issn = {1063-6692},
  issue_date = {Aug. 1996},
  numpages = {15},
  publisher = {IEEE Press},
  url = {http://dx.doi.org/10.1109/90.532862}
}

@ARTICLE{Smith:1999:ANP:619040.621229,
  author = {Smith, Jonathan M. and Calvert, Kenneth L. and Murphy, Sandra L.
	and Orman, Hilarie K. and Peterson, Larry L.},
  title = {Activating Networks: A Progress Report},
  journal = {Computer},
  year = {1999},
  volume = {32},
  pages = {32--41},
  month = {April},
  acmid = {621229},
  address = {Los Alamitos, CA, USA},
  doi = {http://dx.doi.org/10.1109/2.755003},
  issn = {0018-9162},
  issue = {4},
  numpages = {10},
  publisher = {IEEE Computer Society Press},
  url = {http://dx.doi.org/10.1109/2.755003}
}

@MISC{Stephens95asurvey,
  author = {R. Stephens},
  title = {A Survey Of Stream Processing},
  year = {1995}
}

@INPROCEEDINGS{Sullivan:1998:TSM:1268256.1268258,
  author = {Sullivan, Mark and Heybey, Andrew},
  title = {Tribeca: a system for managing large databases of network traffic},
  booktitle = {Proceedings of the annual conference on USENIX Annual Technical Conference},
  year = {1998},
  series = {ATEC '98},
  pages = {2--2},
  address = {Berkeley, CA, USA},
  publisher = {USENIX Association},
  acmid = {1268258},
  location = {New Orleans, Louisiana},
  numpages = {1},
  url = {http://dl.acm.org/citation.cfm?id=1268256.1268258}
}

@ARTICLE{Tennenhouse97asurvey,
  author = {David L. Tennenhouse and Jonathan M. Smith and W. David Sincoskie
	and David J. Wetherall and Gary J. Minden},
  title = {A Survey of Active Network Research},
  journal = {IEEE Communications Magazine},
  year = {1997},
  volume = {35},
  pages = {80--86}
}

@INPROCEEDINGS{TheMPIForum:1993:MMP:169627.169855,
  author = {The MPI Forum, CORPORATE},
  title = {MPI: a message passing interface},
  booktitle = {Proceedings of the 1993 ACM/IEEE conference on Supercomputing},
  year = {1993},
  series = {Supercomputing '93},
  pages = {878--883},
  address = {New York, NY, USA},
  publisher = {ACM},
  acmid = {169855},
  doi = {10.1145/169627.169855},
  isbn = {0-8186-4340-4},
  location = {Portland, Oregon, United States},
  numpages = {6},
  url = {http://doi.acm.org/10.1145/169627.169855}
}

@INPROCEEDINGS{Thies:2002:SLS:647478.727935,
  author = {Thies, William and Karczmarek, Michal and Amarasinghe, Saman P.},
  title = {StreamIt: A Language for Streaming Applications},
  booktitle = {Proceedings of the 11th International Conference on Compiler Construction},
  year = {2002},
  series = {CC '02},
  pages = {179--196},
  address = {London, UK, UK},
  publisher = {Springer-Verlag},
  acmid = {727935},
  isbn = {3-540-43369-4},
  numpages = {18},
  url = {http://dl.acm.org/citation.cfm?id=647478.727935}
}

@INPROCEEDINGS{5160944,
  author = {Wagner, A. and Rostoker, C.},
  title = {A lightweight stream-processing library using MPI},
  booktitle = {Parallel Distributed Processing, 2009. IPDPS 2009. IEEE International
	Symposium on},
  year = {May},
  pages = {1-8},
  doi = {10.1109/IPDPS.2009.5160944},
  issn = {1530-2075},
  keywords = {application program interfaces;message passing;parallel programming;software
	libraries;MarketMiner;acyclic process structures;arbitrary modules;financial
	workflows;lightweight stream-processing library;parallel MPI program;Application
	software;Computer architecture;Computer science;Context;Middleware;Open
	source software;Parallel architectures;Performance analysis;Software
	libraries;Systems engineering and theory}
}

@INPROCEEDINGS{Wang:2009:PPN:1542275.1542307,
  author = {Wang, Junchang and Cheng, Haipeng and Hua, Bei and Tang, Xinan},
  title = {Practice of parallelizing network applications on multi-core architectures},
  booktitle = {Proceedings of the 23rd international conference on Supercomputing},
  year = {2009},
  series = {ICS '09},
  pages = {204--213},
  address = {New York, NY, USA},
  publisher = {ACM},
  acmid = {1542307},
  doi = {10.1145/1542275.1542307},
  isbn = {978-1-60558-498-0},
  keywords = {application-level protocol processing, deep content inspection, lock-free
	data structures, multi-core parallelization, pipelining implementation,
	tcp/ip protocol processing},
  location = {Yorktown Heights, NY, USA},
  numpages = {10},
  url = {http://doi.acm.org/10.1145/1542275.1542307}
}

@TECHREPORT{WROCLAWSKI1997,
  author = {Wroclawski, J},
  title = {Fast {PC} routers},
  institution = {MIT LCS Advanced Net-work Architecture Group},
  year = {1997},
  address = {http://mercury.lcs.mit.edu/PC-Routers/pcrouter.html, as of July 2000},
  month = {Jan}
}

@ARTICLE{Wu:2007:PPB:1323954.1323957,
  author = {Wu, Wenji and Crawford, Matt},
  title = {Potential performance bottleneck in {Linux TCP}},
  journal = {Int. J. Commun. Syst.},
  year = {2007},
  volume = {20},
  pages = {1263--1283},
  number = {11},
  month = nov,
  acmid = {1323957},
  address = {Chichester, UK},
  doi = {10.1002/dac.v20:11},
  issn = {1074-5351},
  issue_date = {November 2007},
  keywords = {Linux, TCP, networking, performance analysis, process scheduling,
	protocol stack},
  numpages = {21},
  publisher = {John Wiley and Sons Ltd.},
  url = {http://dx.doi.org/10.1002/dac.v20:11}
}

@ARTICLE{Wu:2007:PAL:1227865.1228021,
  author = {Wu, Wenji and Crawford, Matt and Bowden, Mark},
  title = {The performance analysis of linux networking - Packet receiving},
  journal = {Comput. Commun.},
  year = {2007},
  volume = {30},
  pages = {1044--1057},
  number = {5},
  month = mar,
  acmid = {1228021},
  address = {Amsterdam, The Netherlands, The Netherlands},
  doi = {10.1016/j.comcom.2006.11.001},
  issn = {0140-3664},
  issue_date = {March, 2007},
  keywords = {Linux, Performance analysis, Process scheduling, Protocol stack, TCP/IP},
  numpages = {14},
  publisher = {Elsevier Science Publishers B. V.},
  url = {http://dx.doi.org/10.1016/j.comcom.2006.11.001}
}

@ELECTRONIC{libnids,
  title = {Libnids, http://libnids.sourceforge.net},
  owner = {servesh},
  timestamp = {2012.07.25}
}

@ELECTRONIC{intel2010,
  month = {Nov.},
  year = {2010},
  title = {Intel Corporation, Intel 82599 10gbe Controller Datasheet},
  url = {http://download.intel.com/design/network/ datashts82599\_datasheet.pdf},
  owner = {servesh},
  timestamp = {2012.07.26}
}

@ELECTRONIC{micro2008,
  month = {Nov.},
  year = {2008},
  title = {Microsoft Corporation, Receive-Side Scaling Enhancements in Windows
	Server 2008,},
  url = {http://download.microsoft.com/ download/ a/d/f/adf1347d-08dc-41a4-9084-623b1194d4b2 RSS Server2008.docx},
  owner = {servesh},
  timestamp = {2012.07.26}
}

@comment{jabref-meta: selector_publisher:}

@comment{jabref-meta: selector_author:}

@comment{jabref-meta: selector_journal:}

@comment{jabref-meta: selector_keywords:}

